<?xml version="1.0" encoding="UTF-8"?><collection xmlns="http://www.loc.gov/MARC21/slim"><record><leader>00405nam--2200133-i-4500</leader><controlfield tag="001">000031491</controlfield><controlfield tag="002">20161230</controlfield><controlfield tag="005">20161230201038</controlfield><controlfield tag="008">060222s1000------------r-----000-0-eng-d</controlfield><datafield ind1=" " ind2=" " tag="100"><subfield code="a">Sidney, Morris A</subfield></datafield><datafield ind1=" " ind2=" " tag="245"><subfield code="a">Pontryagin duality and the structure of locally compact abelian groups</subfield></datafield><datafield ind1=" " ind2=" " tag="260"><subfield code="a">Cambridge, University Press, 1977</subfield></datafield><datafield ind1=" " ind2=" " tag="490"><subfield code="a">London Mathematical Society Lecture Note Series</subfield></datafield><datafield ind1=" " ind2=" " tag="852"><subfield code="a">43940</subfield></datafield></record></collection>